@TechReport{g12note,
		author = {g12 working group},
		title = {g12 Analysis Procedures, Statistics and Systematics},
		year = {2016},
}