

@misc{jlab.web,
    Howpublished = {\url{http://www.jlab.org}},
    Note = {website},
    Title = {Jefferson Lab Picture Exchange}}

@article{cebaf,
    Author = {Christoph Leemann and David Douglas and Geoffrey Krafft},
    Journal = {Annu. Rev. Nucl. Part. Sci.},
    Pages = {413-450},
    Title = {The {C}ontinuous {E}lectron {B}eam {A}ccelerator {F}acility: \texttt{CEBAF} at the {J}efferson {L}aboratory},
    Volume = {51},
    Year = {2001}}

@article{clas,
    Author = {Mecking, B. A. and others},
    Journal = {Nucl. Instr. and Meth. A},
    Pages = {513},
    Title = {The \texttt{CEBAF} {L}arge {A}cceptance {S}pectrometer (\texttt{CLAS})},
    Volume = {503},
    Year = {2003}}

@unpublished{clas.flux,
    Author = {J. Ball, E. Pasyuk},
    Month = {January},
    Note = {JLab},
    Title = {Photon Flux Determination Through Sampling of ``out-of-time'' Hits with the Hall B Photon Tagger},
    Year = {2005},
    Journal = {CLAS-NOTE},
    Number = {002}}

@article{clas.tagger,
    Author = {Sober D. I. and others},
    Journal = {Nucl. Instr. and Meth. A},
    Pages = {263-284},
    Title = {The bremsstrahlung tagged photon beam in {H}all \texttt{B} at {JL}ab},
    Volume = {440},
    Year = {2000}}

@unpublished{clas.tagger.calib,
    Author = {J. Li},
    Journal = {CLAS-NOTE},
    Month = mar,
    Note = {JLab},
    Number = {004},
    Title = {The New Tagger Calibration Program},
    Year = {2003}}

@article{clas.st,
    Author = {Y. G. Sharabian and others},
    Journal = {Nucl. Instr. and Meth. A},
    Pages = {246-258},
    Title = {A new highly segmented start counter for the \texttt{CLAS} detector},
    Volume = {556},
    Year = {2006}}

@article{clas.sh,
    Author = {E. Skau and S. Stepanyan},
    Journal = {CLAS-NOTE},
    Title = {Scintillator Hodoscope for the \texttt{CLAS} Inner Calorimeter with \texttt{SiPM} Readout},
    Year = {2007-020}}

@article{clas.dc,
    Author = {M. Mestayer and others},
    Journal = {Nucl. Instr. and Meth. A},
    Pages = {81-111},
    Title = {The CLAS Drift Chamber System},
    Volume = {449},
    Year = {2000}}

@booklet{clas.dc.calib,
    Author = {Lawrence, David and Mestayer, Mac},
    Howpublished = {CLAS-NOTE 1999-018},
    Title = {\texttt{CLAS} {D}rift {C}hamber {C}alibration: {S}oftware and {P}rocedures},
    Year = {1999}}

@article{clas.tof,
    Author = {E. S. Smith and others},
    Journal = {Nucl. Instr. and Meth. A},
    Pages = {265-298},
    Title = {The Time-Of-Flight System for \texttt{CLAS}},
    Volume = {432},
    Year = {1999}}

@booklet{clas.tof.calib,
    Author = {E. S. Smith},
    Howpublished = {CLAS-NOTE 1999-011},
    Title = {Calibration of the \texttt{CLAS} \texttt{TOF}},
    Year = {1999}}

@article{clas.ec,
    Author = {M. Amarian and others},
    Journal = {Nucl. Instr. and Meth. A},
    Page = {239},
    Title = {The {CLAS} Forward Electromagnetic Calorimeter},
    Volume = {460},
    Year = {2001}}


@article{clas.note.g9bpcor,
    Author = {M. Dugger and P. Roy and N. Walford},
    Howpublished = {CLAS-NOTE 2013-011},
    Title = {{Momentum corrections for Ï€$^+$ and protons in g9b data}},
    Year = {2013}}
