@PhdThesis{clas.thesis.goetz,
    Author = {John T. Goetz},
    School = {University of California Los Angeles},
    Title = {{Ξ Hyperon Photoproduction from Threshold to 5.4~GeV with the \texttt{CEBAF} Large Acceptance Spectrometer}},
    Year = {2010},
}


@PhdThesis{clas.thesis.bookwalter,
    Author = {Craig Bookwalter},
    School = {Florida State University},
    Title = {{A Search for Exotic Mesons in \mbox{γ p $\rightarrow$ π$^+$ π$^+$ π$^-$ n} with \texttt{CLAS} at Jefferson Lab}},
    Year = {2012},
}

@PhdThesis{clas.thesis.schott,
    Author = {Diane Schott},
    School = {Florida International University},
    Title = {{A Search for an Exotic Meson in the \mbox{γ p $\rightarrow$ Δ$^{++}$ π$^-$ η} Reaction}},
    Year = {2012},
}

@PhdThesis{clas.thesis.saini,
    Author = {Mukesh Saini},
    School = {Florida State University},
    Title = {{Search for New and Unusual Stangonia using CLAS}},
    Year = {2013},
}

@PhdThesis{clas.thesis.bono,
    Author = {Jason Bono},
    School = {Florida International University},
    Title = {{First Time Measurements of Polarization Observables for the Charged Cascade Hyperon in Photoproduction}},
    Year = {2014},
}


@PhdThesis{clas.thesis.mckinnon,
    Author = {M\textsuperscript{c}Kinnon, Bryan},
    School = {University of Glasgow},
    Title = {{Search for the θ$^+$ Pentaquark in the Reaction \mbox{γ d $\rightarrow$ p K$^+$ K$^+$ n} with \texttt{CLAS}}},
    Year = {2006},
}

@PhdThesis{clas.thesis.williams,
    Author = {Williams, Mike},
    School = {Carnegie Mellon University},
    Title = {{Measurement of Differential Cross Sections and Spin Density Matrix Elements along with a Partial Wave Analysis for \mbox{γ p $\rightarrow$ p ω} using \texttt{CLAS} at Jefferson Lab}},
    Year = {2007},
}

