@ARTICLE{pdg,
    author = {K.A. Olive and others},
    journal = {Chin. Phys. C},
    number = {090001},
    title = {{The Review of Particle Physics}},
    volume = {38},
    year = {2014},
    note = {(Particle Data Group)}
}
