@article{polarizedelectronsnew,
 title = {Spin-polarized photoelectrons resonantly excited by circularly polarized light from a fractional Ag film on GaAs(100)},
 author = {Klaer, P. \emph{et al}},
 journal = {Phys. Rev. B},
 volume = {88},
 issue = {21},
 pages = {214425},
 numpages = {6},
 year = {2013},
 month = {Dec},
 publisher = {American Physical Society},
 doi = {10.1103/PhysRevB.88.214425},
 howpublished = {http://link.aps.org/doi/10.1103/PhysRevB.88.214425}
}

@article{Mecking,
title = {{The CEBAF large acceptance spectrometer (CLAS)}},
Author =  {B. Mecking \emph{et al}},
Journal =  {Nucl. Instrum. Methods A 503, 513},
Year = {2003}
}

@article{Carman,
Author =  {D. S. Carman},
Journal = {CLAS Note},
Year = {2002},
Title = {2002-018 (unpublished)},
howpublished =  {www.jlab.org/Hall-B/notes/.}
}

@article{MaximonOlsen,
 title = {Photon and Electron Polarization in High-Energy Bremsstrahlung and Pair Production with Screening},
 author = {Olsen, Haakon and Maximon, L. C.},
 journal = {Phys. Rev.},
 volume = {114},
 issue = {3},
 pages = {887--904},
 numpages = {0},
 year = {1959},
 month = {May},
 publisher = {American Physical Society},
 doi = {10.1103/PhysRev.114.887},
 howpublished = {http://link.aps.org/doi/10.1103/PhysRev.114.887}
}

@article{Io,
 title = {Beam-Helicity Asymmetries in Double-Charged-Pion Photoproduction on the Proton},
 author = {Strauch and Berman \emph{et al}},
 collaboration = {CLAS Collaboration},
 journal = {Phys. Rev. Lett.},
 volume = {95},
 issue = {16},
 pages = {162003},
 numpages = {5},
 year = {2005},
 month = {Oct},
 publisher = {American Physical Society},
 doi = {10.1103/PhysRevLett.95.162003},
 howpublished = {http://link.aps.org/doi/10.1103/PhysRevLett.95.162003}
}