@article{pwa.salgado2014,
    Author = {C. W. Salgado and D. P. Weygand},
    Journal = {Physics Reports},
    Pages = {1-58},
    Title = {{On the Partial-Wave Analysis of Mesonic Resonances Decaying to Multiparticle Final States Produced by Polarized Photons}},
    Volume = {537},
    Issue = {1},
    Month = {Apr},
    Year = {2014}}
